@article{ZuckPFGH02,
  author    = {Lenore D. Zuck and
               Amir Pnueli and
               Yi Fang and
               Benjamin Goldberg and
               Ying Hu},
  title     = {Translation and Run-Time Validation of Optimized Code},
  journal   = {Electr. Notes Theor. Comput. Sci.},
  volume    = {70},
  number    = {4},
  year      = {2002},
  pages     = {179-200},
  ee        = {http://dx.doi.org/10.1016/S1571-0661(04)80584-X},
  bibsource = {DBLP, http://dblp.uni-trier.de}
}
