% This file was created with JabRef 2.8.1.
% Encoding: UTF8

@INPROCEEDINGS{Fursin05apractical,
    author = {Grigori Fursin and Albert Cohen and Michael O'Boyle and Olivier Temam},
    title = {A Practical Method for Quickly Evaluating Program Optimizations},
    booktitle = {Proceedings of the International Conference on High Performance Embedded Architectures \& Compilers (HiPEAC 2005)},
    year = {2005},
    pages = {29--46},
    publisher = {Springer Verlag}
}

@comment{jabref-meta: selector_review:}

@comment{jabref-meta: selector_publisher:}

@comment{jabref-meta: selector_author:}

@comment{jabref-meta: selector_journal:}

@comment{jabref-meta: selector_keywords:}

