@misc{distributed-vcs,
    title = {{Распределённые системы контроля версий (электронный ресурс)}},
    howpublished = "\url{http://ru.wikipedia.org/wiki/%D0%A1%D0%B8%D1%81%D1%82%D0%B5%D0%BC%D0%B0_%D1%83%D0%BF%D1%80%D0%B0%D0%B2%D0%BB%D0%B5%D0%BD%D0%B8%D1%8F_%D0%B2%D0%B5%D1%80%D1%81%D0%B8%D1%8F%D0%BC%D0%B8#.D0.A0.D0.B0.D1.81.D0.BF.D1.80.D0.B5.D0.B4.D0.B5.D0.BB.D1.91.D0.BD.D0.BD.D1.8B.D0.B5_.D1.81.D0.B8.D1.81.D1.82.D0.B5.D0.BC.D1.8B_.D1.83.D0.BF.D1.80.D0.B0.D0.B2.D0.BB.D0.B5.D0.BD.D0.B8.D1.8F_.D0.B2.D0.B5.D1.80.D1.81.D0.B8.D1.8F.D0.BC.D0.B8}",
    year = {2008}, 
    note = "Материал из Википедии -- Свободной Энциклопедии. (Дата обращения: 03 января 2013)"
}

