% This file was created with JabRef 2.8.1.
% Encoding: UTF8

@book{applregr,
  author = {Норман Дрейпер, Гарри Смит},
  title = {Прикладной регрессионный анализ — 3-е изд.},
  publisher = {М.: «Диалектика»},
  year = {2007},
  note = {912 c.}
}

@book{statseval,
  author = {Радченко Станислав}, 
  title = {Устойчивые методы оценивания статистических моделей: Монография.},
  publisher = {К.: ПП «Санспарель»}, 
  year = {2005}, 
  note = {504 с.}
}

@book{regrmeth,
  author = {Радченко Станислав}, 
  title = {Методология регрессионного анализа: Монография.},
  publisher = {К.: «Корнийчук»},
  year = {2011},
  note = {376 с.}
}

@MISC{scheduling,
  author = {Jerry Breecher},
  title = {Operating Systems Scheduling (электронный ресурс)},
  note = {Лекция №5 из курса Operating Systems. (Дата обращения: 04 января
	2013)},
  url = {http://web.cs.wpi.edu/~cs3013/c07/lectures/Section05-Scheduling.pdf}
}

@INPROCEEDINGS{Dubach:2009:PCO:1669112.1669124,
  author = {Dubach, Christophe and Jones, Timothy M. and Bonilla, Edwin V. and
	Fursin, Grigori and O'Boyle, Michael F. P.},
  title = {Portable compiler optimisation across embedded programs and microarchitectures
	using machine learning},
  booktitle = {Proceedings of the 42nd Annual IEEE/ACM International Symposium on
	Microarchitecture},
  year = {2009},
  series = {MICRO 42},
  pages = {78--88},
  address = {New York, NY, USA},
  publisher = {ACM},
  acmid = {1669124},
  doi = {10.1145/1669112.1669124},
  isbn = {978-1-60558-798-1},
  keywords = {architecture/compiler co-design, design-space exploration, machine
	learning},
  location = {New York, New York},
  numpages = {11},
  url = {http://doi.acm.org/10.1145/1669112.1669124}
}

@ARTICLE{Fursin2010COP,
  author = {Fursin, Grigori and Temam, Olivier},
  title = {Collective optimization: A practical collaborative approach},
  journal = {ACM Trans. Archit. Code Optim.},
  year = {2010},
  volume = {7},
  pages = {20:1--20:29},
  number = {4},
  month = dec,
  acmid = {1880047},
  address = {New York, NY, USA},
  articleno = {20},
  doi = {10.1145/1880043.1880047},
  issn = {1544-3566},
  issue_date = {December 2010},
  keywords = {Collective optimization, adaptive compiler, collective optimization
	database, continuous optimization, function cloning, iterative compilation,
	multiple datasets, program characterization, program reaction to
	optimization, runtime adaptation, self-tuning computing systems,
	statistical optimization},
  numpages = {29},
  publisher = {ACM},
  url = {http://doi.acm.org/10.1145/1880043.1880047}
}

@ARTICLE{Stephenson2003MOI,
  author = {Stephenson, Mark and Amarasinghe, Saman and Martin, Martin and O'Reilly,
	Una-May},
  title = {Meta optimization: improving compiler heuristics with machine learning},
  journal = {SIGPLAN Not.},
  year = {2003},
  volume = {38},
  pages = {77--90},
  number = {5},
  month = may,
  acmid = {781141},
  address = {New York, NY, USA},
  doi = {10.1145/780822.781141},
  issn = {0362-1340},
  issue_date = {May 2003},
  keywords = {compiler heuristics, genetic programming, machine learning, priority
	functions},
  numpages = {14},
  publisher = {ACM},
  url = {http://doi.acm.org/10.1145/780822.781141}
}

@INCOLLECTION{Thomson,
  author = {Thomson, John and O’Boyle, Michael and Fursin, Grigori and Franke,
	Björn},
  title = {Reducing Training Time in a One-Shot Machine Learning-Based Compiler},
  booktitle = {Languages and Compilers for Parallel Computing},
  publisher = {Springer Berlin Heidelberg},
  year = {2010},
  editor = {Gao, GuangR. and Pollock, LoriL. and Cavazos, John and Li, Xiaoming},
  volume = {5898},
  series = {Lecture Notes in Computer Science},
  pages = {399-407},
  doi = {10.1007/978-3-642-13374-9_28},
  isbn = {978-3-642-13373-2},
  url = {http://dx.doi.org/10.1007/978-3-642-13374-9_28}
}

@BOOK{lag,
  title = {Наглядная математическая статистика : учебное пособие — 2-е изд.,
	испр.},
  publisher = {М.: БИНОМ. Лаборатория знаний},
  year = {2012},
  author = {М.Б.Лагутин},
  note = {472 с. : ил.},
  owner = {M.Pankov},
  timestamp = {2013.03.12}
}

@MISC{bitbucket,
  title = {Bitbucket --- Unlimited private repositories to collaborate on your
	code – Git or Mercurial (электронный ресурс)},
  note = {Веб-сайт. (Дата обращения: 04 января 2013)},
  url = {https://bitbucket.org/}
}

@MISC{couchapp,
  title = {CouchApp.org: Simple JavaScript Applications with CouchDB (электронный
	ресурс)},
  note = {Официальный сайт. (Дата обращения: 04 января 2013)},
  url = {http://couchapp.org/page/index}
}

@MISC{distributed-vcs,
  title = {Distributed revision control (электронный ресурс)},
  note = {Материал из Википедии -- Свободной Энциклопедии. (Дата обращения:
	03 января 2013)},
  url = {http://en.wikipedia.org/wiki/Distributed_revision_control}
}

@MISC{gcc-options,
  title = {GCC --- Option Summary (электронный ресурс)},
  note = {Официальный веб-сайт. (Дата обращения: 04 января 2013)},
  url = {http://gcc.gnu.org/onlinedocs/gcc/Option-Summary.html}
}

@MISC{github,
  title = {Github --- Powerful collaboration, review, and code management for
	open source and private development projects (электронный ресурс)},
  note = {Веб-сайт. (Дата обращения: 04 января 2013)},
  url = {https://github.com/}
}

@MISC{git-vs-hg,
  title = {Analysis of Git and Mercurial (электронный ресурс)},
  note = {Веб-сайт. (Дата обращения: 04 января 2013)},
  url = {http://code.google.com/p/support/wiki/DVCSAnalysis}
}

@MISC{IntelExascale,
  title = {{Intel --- Exascale Computing Research Lab (электронный ресурс)}},
  note = {Новостной ресурс. (Дата обращения: 03 января 2013)},
  url = {http://www.innovation-prime.com/paris-region/success-stories/intel-exascale-computing-research-lab/}
}

@MISC{ipython,
  title = {IPython (электронный ресурс)},
  note = {Официальный сайт. (Дата обращения: 04 января 2013)},
  url = {http://ipython.org/}
}

@MISC{json,
  title = {JSON (электронный ресурс)},
  note = {Официальный веб-сайт. (Дата обращения: 04 января 2013)},
  url = {http://www.json.org/}
}

@MISC{langpop,
  title = {TIOBE Programming Community Index for December 2012 (электронный
	ресурс)},
  note = {Официальный веб-сайт. (Дата обращения: 04 января 2013)},
  url = {http://www.tiobe.com/index.php/content/paperinfo/tpci/index.html}
}

@MISC{map-reduce,
  title = {MapReduce (электронный ресурс)},
  note = {Материал из Википедии — свободной энциклопедии. (Дата обращения:
	04 января 2013)},
  url = {http://ru.wikipedia.org/wiki/MapReduce}
}

@MISC{matplotlib,
  title = {Matplotlib (электронный ресурс)},
  note = {Официальный веб-сайт. (Дата обращения: 03 января 2013)},
  url = {http://matplotlib.org/}
}

@MISC{nosql-comparison,
  title = {Cassandra vs MongoDB vs CouchDB vs Redis vs Riak vs HBase vs Couchbase
	vs Neo4j vs Hypertable vs ElasticSearch vs Accumulo vs VoltDB vs
	Scalaris comparison (электронный ресурс)},
  note = {Статья. (Дата обращения: 04 января 2013)},
  url = {http://kkovacs.eu/cassandra-vs-mongodb-vs-couchdb-vs-redis}
}

@MISC{polybench,
  title = {PolyBench/C the Polyhedral Benchmark suite (электронный ресурс)},
  note = {Официальный сайт. (Дата обращения: 04 января 2013)},
  url = {http://www.cse.ohio-state.edu/~pouchet/software/polybench/}
}

@MISC{pypy,
  title = {PyPy (электронный ресурс)},
  note = {Официальный веб-сайт. (Дата обращения: 03 января 2013)},
  url = {http://pypy.org/}
}

@MISC{python,
  title = {Python Programming Language (электронный ресурс)},
  note = {Официальный веб-сайт. (Дата обращения: 03 января 2013)},
  url = {http://www.python.org/}
}

@MISC{scipy,
  title = {Scientific Tools for Python (электронный ресурс)},
  note = {Официальный веб-сайт. (Дата обращения: 04 января 2013)},
  url = {http://www.scipy.org/}
}

@MISC{tdd,
  title = {Test-driven development (электронный ресурс)},
  note = {Материал из Википедии -- Свободной Энциклопедии. (Дата обращения:
	03 января 2013)},
  url = {http://en.wikipedia.org/wiki/Test-driven_development}
}

