% This file was created with JabRef 2.8.1.
% Encoding: Cp1251

@ARTICLE{catheydowskinewparadigm,
  author = {W.T. Cathey and E.R. Dowski},
  title = {New paradigm for imaging systems},
  journal = {Appl. Opt.},
  year = {2002},
  volume = {41},
  pages = {6080-6092},
  owner = {penta4},
  timestamp = {2006.05.12}
}

@comment{jabref-meta: selector_review:}

@comment{jabref-meta: selector_publisher:}

@comment{jabref-meta: selector_author:}

@comment{jabref-meta: selector_journal:}

@comment{jabref-meta: selector_keywords:}

