% This file was created with JabRef 2.8.1.
% Encoding: UTF8

@INPROCEEDINGS{Agakov:2006:UML:1121992.1122412,
  author = {Agakov, F. and Bonilla, E. and Cavazos, J. and Franke, B. and Fursin,
	G. and O'Boyle, M. F. P. and Thomson, J. and Toussaint, M. and Williams,
	C. K. I.},
  title = {Using Machine Learning to Focus Iterative Optimization},
  booktitle = {Proceedings of the International Symposium on Code Generation and
	Optimization},
  year = {2006},
  series = {CGO '06},
  pages = {295--305},
  address = {Washington, DC, USA},
  publisher = {IEEE Computer Society},
  acmid = {1122412},
  doi = {10.1109/CGO.2006.37},
  isbn = {0-7695-2499-0},
  numpages = {11},
  url = {http://dx.doi.org/10.1109/CGO.2006.37}
}

@MISC{Bodin98iterativecompilation,
  author = {F. Bodin and T. Kisuki and P. M. W. Knijnenburg and M.F.P. O'Boyle
	and E. Rohou},
  title = {Iterative Compilation in a Non-Linear Optimisation Space},
  year = {1998}
}

@INPROCEEDINGS{FCA2007,
  author = {J. Cavazos and G. Fursin and F. Agakov and E. Bonilla and M. O'Boyle
	and Olivier Temam},
  title = {Rapidly Selecting Good Compiler Optimizations using Performance Counters},
  booktitle = {ACM International Conference on Code Generation and Optimization
	(CGO'07)},
  year = {2007},
  pages = {185--197},
  address = {San Jose, California},
  month = mar
}

@INPROCEEDINGS{Cooper:2005:AAC:1065910.1065921,
  author = {Cooper, Keith D. and Grosul, Alexander and Harvey, Timothy J. and
	Reeves, Steven and Subramanian, Devika and Torczon, Linda and Waterman,
	Todd},
  title = {ACME: adaptive compilation made efficient},
  booktitle = {Proceedings of the 2005 ACM SIGPLAN/SIGBED conference on Languages,
	compilers, and tools for embedded systems},
  year = {2005},
  series = {LCTES '05},
  pages = {69--77},
  address = {New York, NY, USA},
  publisher = {ACM},
  acmid = {1065921},
  doi = {10.1145/1065910.1065921},
  isbn = {1-59593-018-3},
  keywords = {adaptive compilation},
  location = {Chicago, Illinois, USA},
  numpages = {9},
  url = {http://doi.acm.org/10.1145/1065910.1065921}
}

@INPROCEEDINGS{Dubach:2009:PCO:1669112.1669124,
  author = {Dubach, Christophe and Jones, Timothy M. and Bonilla, Edwin V. and
	Fursin, Grigori and O'Boyle, Michael F. P.},
  title = {Portable compiler optimisation across embedded programs and microarchitectures
	using machine learning},
  booktitle = {Proceedings of the 42nd Annual IEEE/ACM International Symposium on
	Microarchitecture},
  year = {2009},
  series = {MICRO 42},
  pages = {78--88},
  address = {New York, NY, USA},
  publisher = {ACM},
  acmid = {1669124},
  doi = {10.1145/1669112.1669124},
  isbn = {978-1-60558-798-1},
  keywords = {architecture/compiler co-design, design-space exploration, machine
	learning},
  location = {New York, New York},
  numpages = {11},
  url = {http://doi.acm.org/10.1145/1669112.1669124}
}

@INPROCEEDINGS{Dubach:2008:EPA:1450095.1450103,
  author = {Dubach, Christophe and Jones, Timothy M. and O'Boyle, Michael F.P.},
  title = {Exploring and predicting the architecture/optimising compiler co-design
	space},
  booktitle = {Proceedings of the 2008 international conference on Compilers, architectures
	and synthesis for embedded systems},
  year = {2008},
  series = {CASES '08},
  pages = {31--40},
  address = {New York, NY, USA},
  publisher = {ACM},
  acmid = {1450103},
  doi = {10.1145/1450095.1450103},
  isbn = {978-1-60558-469-0},
  keywords = {architecture/compiler co-design, design-space exploration, performance
	prediction},
  location = {Atlanta, GA, USA},
  numpages = {10},
  url = {http://doi.acm.org/10.1145/1450095.1450103}
}

@INPROCEEDINGS{Fur2009,
  author = {Grigori Fursin},
  title = {Collective Tuning Initiative: automating and accelerating development
	and optimization of computing systems},
  booktitle = {Proceedings of the GCC Developers' Summit},
  year = {2009},
  month = {June},
  keys = {http://www.gccsummit.org/2009},
  location = {Montreal, Canada}
}

@INPROCEEDINGS{Fursin05apractical,
  author = {Grigori Fursin and Albert Cohen and Michael O'Boyle and Olivier Temam},
  title = {A Practical Method for Quickly Evaluating Program Optimizations},
  booktitle = {Proceedings of the International Conference on High Performance Embedded
	Architectures \& Compilers (HiPEAC 2005)},
  year = {2005},
  pages = {29--46},
  publisher = {Springer Verlag}
}

@INPROCEEDINGS{Kulkarni:2003:FEO:780732.780735,
  author = {Kulkarni, Prasad and Zhao, Wankang and Moon, Hwashin and Cho, Kyunghwan
	and Whalley, David and Davidson, Jack and Bailey, Mark and Paek,
	Yunheung and Gallivan, Kyle},
  title = {Finding effective optimization phase sequences},
  booktitle = {Proceedings of the 2003 ACM SIGPLAN conference on Language, compiler,
	and tool for embedded systems},
  year = {2003},
  series = {LCTES '03},
  pages = {12--23},
  address = {New York, NY, USA},
  publisher = {ACM},
  acmid = {780735},
  doi = {10.1145/780732.780735},
  isbn = {1-58113-647-1},
  keywords = {genetic algorithms, interactive compilation, phase ordering},
  location = {San Diego, California, USA},
  numpages = {12},
  url = {http://doi.acm.org/10.1145/780732.780735}
}

@ELECTRONIC{ESTO,
  title = {ESTO: Expert System for Tuning Optimizations},
  owner = {M.Pankov},
  timestamp = {2012.09.25}
}

@ELECTRONIC{llvm,
  title = {The LLVM Compiler Infrastructure},
  howpublished = "\url{http://llvm.org/}",
  owner = {CONSTantius9},
  timestamp = {2012.10.02}
}

@inproceedings{Kisuki:1999:FSI:646347.690219,
 author = {Kisuki, Toru and Knijnenburg, Peter M. W. and O'Boyle, Michael F. P. and Bodin, Fran\c{c}ois and Wijshoff, Harry A. G.},
 title = {A Feasibility Study in Iterative Compilation},
 booktitle = {Proceedings of the Second International Symposium on High Performance Computing},
 series = {ISHPC '99},
 year = {1999},
 isbn = {3-540-65969-2},
 pages = {121--132},
 numpages = {12},
 url = {http://dl.acm.org/citation.cfm?id=646347.690219},
 acmid = {690219},
 publisher = {Springer-Verlag},
 address = {London, UK, UK},
} 

@incollection {springerlink:10.1007/11596110:24,
   author = {Fursin, G. and O'Boyle, M. and Knijnenburg, P.},
   affiliation = {ICSA, School of Informatics, University of Edinburgh, UK},
   title = {Evaluating Iterative Compilation},
   booktitle = {Languages and Compilers for Parallel Computing},
   series = {Lecture Notes in Computer Science},
   editor = {Pugh, Bill and Tseng, Chau-Wen},
   publisher = {Springer Berlin / Heidelberg},
   isbn = {978-3-540-30781-5},
   keyword = {Computer Science},
   pages = {362-376},
   volume = {2481},
   url = "http://dx.doi.org/10.1007/11596110:24",
   note = {10.1007/11596110:24},
   year = {2005}
}

@comment{jabref-meta: selector_review:}

@comment{jabref-meta: selector_publisher:}

@comment{jabref-meta: selector_author:}

@comment{jabref-meta: selector_journal:}

@comment{jabref-meta: selector_keywords:}

